@book{nomura2010guidelines,
	title={Guidelines for Easy-to-read Materials},
	author={Nomura, M. and Tronbacke, B.I. and Nielsen, G.S. and International Federation of Library Associations and Institutions. Section of Libraries Serving Disadvantaged Persons},
	isbn={9789077897423},
	series={IFLA professional reports},
	url={https://books.google.es/books?id=hH5DcgAACAAJ},
	year={2010},
	publisher={IFLA Headquarters}
}


@book{HoracioSaggion,
	author = 	 {Horacio Saggion},
	title = 	 {Automatic Text Simplification},
	publisher =  {Morgan and Claypool Publishers},
	year = 	{2017},
}


@book{InformacionParaTodos,
	author = {Inclusion Europe},
	title = {Información para todos},
	year = {2019}
	
}




@book{GuiaBanco,
	author = {Plan Inclusión Galicia},
	title = {Los servicios del Banco},
	year = {2020},

}






