<<<<<<< HEAD
@book{nomura2010guidelines,
	title={Guidelines for Easy-to-read Materials},
	author={Nomura, M. and Tronbacke, B.I. and Nielsen, G.S. and International Federation of Library Associations and Institutions. Section of Libraries Serving Disadvantaged Persons},
	isbn={9789077897423},
	series={IFLA professional reports},
	url={https://books.google.es/books?id=hH5DcgAACAAJ},
	year={2010},
	publisher={IFLA Headquarters}
}


@book{HoracioSaggion,
	author = 	 {Horacio Saggion},
	title = 	 {Automatic Text Simplification},
	publisher =  {Morgan and Claypool Publishers},
	year = 	{2017},
}


@book{InformacionParaTodos,
	author = {Inclusion Europe},
	title = {Información para todos},
	year = {2019}
	
}

@misc{GuiaBanco,
	author = {Plena Inclusión Galicia},
	title = {Los servicios del Banco, tipo @ONLINE},
	year = {2020},
	howpublished = "{https://fademga.plenainclusiongalicia.org/dmdocuments/Los\_servicios\_del\_banco.pdf}"

}
@misc{GuiaMetro,
	author = {Plena Inclusión},
	title = {Guía de uso de Metro de Madrid, tipo @ONLINE},
	year = {2019},
	howpublished = "{https://plenainclusionmadrid.org/wp-content/uploads/2020/06/Gu\%C3\%ADa-de-uso-de-Metro-en-lectura-f\%C3\%A1cil.pdf}"
	
}

@misc{GuiaMuseo,
	author = {Museo Nacional del Padro},
	title = {Guía accesible. 10 obras maestras, tipo @ONLINE},
	year = {2020},
	howpublished = "{https://content3.cdnprado.net/doclinks/pdf/visita/plano/accesible/Guia\_accesible\_MNP.pdf}"
	
}

@misc{plano,
	author = {Museo Nacional del Padro},
	title = {Plano accesible. 10 obras maestras, tipo @ONLINE},
	year = {2020},
	howpublished = "{https://content3.cdnprado.net/doclinks/pdf/visita/plano/accesible/Plano\_accesible\_MNP.pdf}"
	
}

@misc{covid,
	author = {Clínica Universidad de los Andes},
	title = {¿Qué es el coronavirus?, tipo @ONLINE},
	year = {2020},
	howpublished = "{https://www.clinicauandes.cl/docs/default-source/boletines/informaci\%C3\%B3n-coronavirus-en-lf.pdf?sfvrsn=199472df\_2}"
	
}

@misc {openBook,
	title = {Proyecto FIRST (Flexible Interactive Reading Support Tool): desarrollo de una herramienta para ayudar a personas con autismo mediante la simplificación de textos},
	author = {Martín Valdivia, María Teresa AND Martínez Cámara, Eugenio AND Barbu, Eduard AND Ureña López, Luis Alfonso AND Moreda, Paloma AND Lloret, Elena},
	year = {2014-09}
}








=======
@ARTICLE{ttt,
 author = {Brice Augustin and Xavier Cuvellier and Benjamin Orgogozo and Fabien Viger 
           and Timur Friedman and Matthieu Latapy and Cl{\'e}mence Magnien and Renata Teixeira},
 title = {Avoiding Traceroute Anomalies with Paris Traceroute},
 booktitle = {Proceedings of the {6th ACM SIGCOMM} Conference on Internet Measurement},
 series = {IMC '06},
 year = {2006},
 location = {Rio de Janeriro, Brazil},
 pages = {153--158},
 numpages = {6},
 url = {http://doi.acm.org/10.1145/1177080.1177100},
 acmid = {1177100},
 publisher = {ACM},
 address = {New York, NY, USA},
 keywords = {load balancing, traceroute}
 }
>>>>>>> 98d1ea36234ea8e33e3df5396c8811b3603f08bc
