@ARTICLE{ttt,
 author = {Brice Augustin and Xavier Cuvellier and Benjamin Orgogozo and Fabien Viger 
           and Timur Friedman and Matthieu Latapy and Cl{\'e}mence Magnien and Renata Teixeira},
 title = {Avoiding Traceroute Anomalies with Paris Traceroute},
 booktitle = {Proceedings of the {6th ACM SIGCOMM} Conference on Internet Measurement},
 series = {IMC '06},
 year = {2006},
 location = {Rio de Janeriro, Brazil},
 pages = {153--158},
 numpages = {6},
 url = {http://doi.acm.org/10.1145/1177080.1177100},
 acmid = {1177100},
 publisher = {ACM},
 address = {New York, NY, USA},
 keywords = {load balancing, traceroute}
 }
